@ARTICLE {lietal.2006,
    author  = "{Li et al.}",
    title   = "Regularities in data from factorial experiments.",
    journal = "Complexity",
    year    = "2006",
    volume  = "11",
    number  = "5",
    pages   = "33-45"
}
@ARTICLE {bergquistetal.2011,
    author  = "{Bergquist et al.}",
    title   = "A Bayesian Analysis of Unreplicated Two-Level Factorials Using Effects Sparsity, Hierarchy, and Heredity.",
    journal = "Quality Engineering",
    year    = "2011",
    volume  = "23",
    number  = "2",
    pages   = "152-166"
}
@BOOK {legarzantine2014,
    author    = "{Le Garzantine}",
    title     = "Matematica",
    publisher = "Garzanti libri s.r.l.",
    year      = "2014",
    address   = "Milano",
    edition   = "sixth",
    note      = "edizione in 2 volumi"
}
@BOOK {everittb.s.skrondala.2010,
    author    = "{Everitt B.S., Skrondal A.}",
    title     = "The Cambridge Dictionary of Statistics",
    publisher = "Cambridge University press",
    year      = "2010",
    address   = "New York",
    edition   = "fourth"
}
@BOOK {wonnacottt.h.wonnacottr.j.2002,
    author    = "{Wonnacott T.H., Wonnacott R.J.}",
    title     = "Introduzione alla statistica",
    publisher = "FrancoAngeli s.r.l.",
    year      = "2002",
    address   = "Milano",
    edition   = "18a edizione"
}
@BOOK{DesAnExp,
  AUTHOR =       {{D.C. Montgomery}},
  year=          {2013},
  PUBLISHER =    {Wiley},
  TITLE =        {Design and {A}nalysis of {E}xperiments},
}
@INCOLLECTION {r.leardi2018,
    author    = "R. Leardi",
    title     = "D-optimal Designs",
    booktitle = "Encyclopedia of Analytical Chemistry: Applications, Theory and Instrumentation",
    publisher = "Wiley Online Library",
    year      = "2018"
}
@BOOK {v.v.federov1972,
    author    = "V.V. Federov",
    title     = "Theory of Optimal Experiments.",
    publisher = "Academic Press",
    year      = "1972",
    address   = "New York"
}
